<?xml version="1.0" encoding="UTF-8"?><collection xmlns="http://www.loc.gov/MARC21/slim"><record><leader>00442nam--2200157-i-4500</leader><controlfield tag="001">000023340</controlfield><controlfield tag="002">20161230</controlfield><controlfield tag="005">20161230201035</controlfield><controlfield tag="008">060222s1000------------r-----000-0-eng-d</controlfield><datafield ind1=" " ind2=" " tag="080"><subfield code="a">512.8(042)</subfield></datafield><datafield ind1=" " ind2=" " tag="100"><subfield code="a">Jacquet, H.And Langlands, R.P</subfield></datafield><datafield ind1=" " ind2=" " tag="245"><subfield code="a">Automorphic forms on gl(2)</subfield></datafield><datafield ind1=" " ind2=" " tag="260"><subfield code="a">Berlin, Springer-verlag, 1970, 548 P</subfield></datafield><datafield ind1=" " ind2=" " tag="490"><subfield code="a">Lecture Notes In Mathematics</subfield><subfield code="v">vol. 114</subfield></datafield><datafield ind1=" " ind2=" " tag="852"><subfield code="a">39831</subfield><subfield code="c">512.831</subfield></datafield><datafield ind1=" " ind2=" " tag="CAT"><subfield code="a">Sys</subfield><subfield code="c">20080522</subfield><subfield code="h">125634</subfield></datafield></record></collection>